@article{guerrieri2017credit,
  title={Credit crises, precautionary savings, and the liquidity trap},
  author={Guerrieri, Veronica and Lorenzoni, Guido},
  journal={The Quarterly Journal of Economics},
  volume={132},
  number={3},
  pages={1427--1467},
  year={2017},
  publisher={Oxford University Press}
}

@article{bayer2019precautionary,
	title={Precautionary savings, illiquid assets, and the aggregate consequences of shocks to household income risk},
	author={Bayer, Christian and L{\"u}tticke, Ralph and Pham-Dao, Lien and Tjaden, Volker},
	journal={Econometrica},
	volume={87},
	number={1},
	pages={255--290},
	year={2019},
	publisher={Wiley Online Library}
}

@article{seater1997optimal,
	title={An optimal control solution to the liquidity constraint problem},
	author={Seater, John J},
	journal={Economics Letters},
	volume={54},
	number={2},
	pages={127--134},
	year={1997},
	publisher={Elsevier}
}